1923 3182
202 60 266 91 xn
897 53 1108 107 Praefatio.

251 168 440 201 Derivata
465 169 506 200 in
528 175 606 209 -es‚
629 175 658 201 e.
682 174 743 209 qr.
768 165 847 197 ides
870 163 1026 204 femina.

338 240 378 245 —
469 223 509 255 in
532 223 596 263 -σ,
622 223 713 263 -w,
734 221 824 262 -ὀσ,
852 220 946 261 -ud,
981 228 1011 251 e.
1032 227 1091 261 qr.
1114 219 1222 259 infigo
1247 219 1381 258 virgo,
1407 215 1524 256 maegd
1544 223 1659 258 qens,
1684 216 1803 255 natio,

562 277 689 308 earfot'i
715 277 848 314 (etiam
869 283 952 317 qen.
975 275 1117 311 neutr.)
1143 273 1268 313 labor,
1292 268 1444 312 gebguo
1461 270 1657 312 juventus,
1683 271 1807 311 dugud

561 333 698 373 virtus,
720 332 788 363 cet.

208 387 246 425 3)
272 385 495 428 Composita
519 395 600 419 cum
624 394 705 428 ge-,
741 395 769 418 e.
793 392 853 427 qr.
878 383 1047 424 gesceast
1069 383 1265 422 creatura,
1298 381 1437 421 genyht
1462 380 1708 420 abundantia,
1741 387 1809 420 ge-

251 443 347 481 cynd
374 441 508 482 (etiam
531 451 613 484 qen.
638 441 781 480 neutr.)
805 440 955 478 natura,
980 439 1048 470 cet.

297 496 455 529 Annot.
504 497 579 528 nihi
603 497 639 528 et
666 495 741 526 viht
763 496 801 526 in
827 502 922 525 nom.
948 493 984 524 et
1007 499 1090 523 acc.
1114 490 1214 530 plur.
1239 488 1334 531 niht,
1358 489 1433 520 viht
1459 489 1606 521 habent.

212 549 420 584 Secundum
449 552 682 593 paradiyma
717 549 756 590 b)
793 548 1057 580 declinantur:
1103 545 1170 576 boc
1204 543 1319 585 liber,
1351 545 1439 575 broc
1462 543 1694 583 femoralia,
1721 541 1811 573 burh

252 607 348 644 (dat.
372 607 501 646 byrig,
526 607 626 647 plur.
650 613 747 636 nom.
779 605 816 635 et
839 611 920 634 acc.
947 601 1076 641 byrig)
1109 607 1205 639 arx,
1236 599 1348 640 urbs,
1376 597 1422 629 cst
1454 598 1553 638 (dat.
1578 595 1644 637 cy)
1676 603 1812 636 vacca,

253 661 312 692 liis
337 662 406 701 (pl.
434 658 513 700 [ζ’-ε)
535 661 745 701 pediculus,
777 656 855 689 msls
880 658 1001 697 (plur.
1024 653 1118 695 m5s)
1143 662 1237 693 mus,
1263 654 1339 685 turf
1361 653 1432 694 (pl.
1453 652 1549 692 tyrf)
1575 660 1717 693 cespes.

297 717 325 752 ,ς
349 716 402 746 20.
451 716 507 747 De
530 715 785 746 declinatione
808 711 1078 751 femininorum
1103 709 1233 742 tertia.

217 768 483 810 complectitur
508 770 602 802 haec
628 769 837 801 declinatio
864 767 1031 801 themata
1053 767 1094 796 in
1116 772 1158 796 -u
1167 774 1180 802 ‚-
1207 763 1297 795 sunt
1320 764 1465 795 autem:

897 821 1130 864 Sinyularis.

477 877 586 911 Nom.
612 879 655 920 a)
683 879 775 910 duru
1043 875 1083 912 b)
1113 873 1205 905 hand

479 932 569 965 Gen.
685 934 794 964 dur-e
828 932 839 942 ⁸
1117 928 1251 960 hand-e

476 987 566 1020 Dat.
681 988 792 1019 dur-a
818 987 896 1028 (-e)
1112 983 1248 1015 hand-a
1271 985 1348 1021 (-e)

476 1041 563 1076 Ace.
685 1043 778 1074 duru
802 1042 883 1084 (—e)
1114 1038 1207 1071 hand

915 1095 1111 1127 Pluraris.

479 1151 588 1185 Nom.
690 1152 801 1184 dur-a
1121 1148 1258 1180 hand-a

481 1207 572 1239 Gen.
691 1207 803 1238 dur-a
1124 1203 1261 1235 hand-a

479 1262 569 1294 Dat.
693 1262 837 1293 dum-m
1124 1258 1296 1290 handu-m

477 1315 565 1350 Acc.
694 1317 807 1348 dur-a
1128 1314 1276 1346 hand-a.
1305 1311 1351 1350 ᾗ)

214 1371 378 1403 Annot.
428 1371 473 1403 Si
496 1372 686 1414 yenitivus
708 1371 923 1413 sinyularis
959 1370 1069 1402 dur-a
1092 1370 1210 1409 esset,
1252 1369 1322 1400 hoc
1344 1367 1581 1409 paradigma
1613 1377 1696 1401 cum
1719 1377 1823 1401 mas·-

257 1427 472 1459 culinorum
494 1427 767 1469 paradigmate
790 1426 833 1467 a)
859 1426 1097 1467 conyrueret.
1145 1425 1311 1457 Dativus
1334 1423 1549 1464 sinyularis
1573 1425 1763 1456 interdum
1782 1426 1823 1456 in

258 1482 370 1514 libris
393 1481 668 1514 recentioribus
691 1483 732 1513 in
757 1489 798 1513 -e
827 1482 1032 1522 terminat,
1062 1489 1092 1513 e.
1111 1488 1171 1523 qr.
1196 1481 1310 1512 laetan
1334 1480 1369 1510 to
1394 1479 1529 1523 hande,
1560 1479 1699 1511 Clu-on.
1725 1479 1822 1512 Sam.

257 1537 335 1569 852.
1499 1570 1501 1572 ,

303 1595 332 1629 ,§'
361 1593 416 1624 21.
466 1594 520 1626 De
553 1593 805 1625 declinatione
838 1591 1165 1624 substantivorum
1196 1590 1383 1631 sequiore.
1438 1588 1527 1621 Jam
1557 1597 1679 1630 supra
1708 1591 1754 1626 (s
1786 1589 1825 1627 3)

216 1649 430 1689 sequiorem
456 1650 648 1680 nominum
675 1648 1004 1680 substantivorum
1030 1647 1319 1680 declinationem
1343 1653 1499 1676 casuum
1524 1645 1824 1686 terminationes,

216 1705 386 1744 emceptis
407 1705 575 1746 yenitivo
597 1705 634 1736 et
657 1705 788 1736 dativo
818 1703 1014 1744 pluralis,
1054 1702 1270 1742 perdidisse
1300 1702 1612 1739 memoravimus,
1660 1709 1731 1742 quo
1759 1699 1821 1740 fa-

218 1759 319 1790 ctum
344 1761 421 1800 est,
451 1761 493 1791 ut
516 1767 611 1800 quae
635 1766 770 1790 vocum
795 1759 919 1790 thema
943 1758 1141 1790 constituit
1163 1755 1333 1797 syllaba,
1366 1757 1650 1788 terminationis
1674 1757 1750 1787 vim
1777 1763 1826 1787 ac

216 1813 397 1845 naturam
415 1814 502 1854 J'am
526 1813 665 1846 habere
688 1815 894 1846 videretur.
956 1813 1109 1844 Vocalis
1134 1813 1308 1844 thematis
1331 1811 1634 1842 masculinorum
1658 1811 1828 1851 antiqui—

218 1869 279 1900 tus
303 1877 346 1910 a,
368 1867 639 1908 femininorum
665 1867 686 1900 ὀ
710 1867 798 1908 fuit,
823 1871 960 1902 neutra
981 1870 1022 1899 in
1044 1869 1279 1899 nominativo
1305 1867 1342 1897 et
1367 1868 1589 1898 accusativo
1611 1866 1827 1907 singularis

217 1932 284 1955 nec
310 1933 383 1955 non
405 1926 445 1956 in
464 1926 698 1957 nominativo
723 1926 759 1957 et
789 1925 1008 1956 accusativo
1033 1923 1202 1963 pluralis
1235 1929 1319 1953 cum
1342 1920 1558 1963 femininis,
1591 1922 1632 1952 in
1657 1921 1826 1962 qenitivo

219 1980 256 2010 et
279 1979 410 2010 dativo
438 1980 648 2020 sinyularis
672 1987 764 2011 vero
789 1981 826 2010 et
846 1981 887 2010 in
911 1979 1042 2010 dativo
1074 1978 1245 2017 pluralis
1275 1985 1358 2009 cum
1385 1978 1613 2008 masculinis
1641 1983 1828 2017 congrue-

218 2032 317 2064 bant.
370 2034 443 2065 Sed
466 2042 583 2072 nunc,
610 2042 692 2065 cum
711 2033 898 2073 feminina
923 2034 1038 2065 etiam
1061 2041 1133 2073 pro
1160 2034 1179 2064 ὸ
1204 2040 1227 2063 a
1250 2033 1470 2071 acceperint
1485 2054 1494 2072 ,
1529 2032 1828 2063 masculinorum

220 2088 258 2119 et
279 2086 547 2126 femininorum
574 2089 782 2120 declinatio
808 2096 884 2119 una
908 2088 1108 2128 eademque
1135 2088 1212 2124 est,
1246 2088 1281 2118 si
1307 2088 1581 2119 nominativum
1613 2087 1828 2127 singularis

220 2143 416 2182 excipias,
456 2145 519 2184 qui
545 2144 644 2184 quod
663 2142 849 2182 feminina
869 2143 1027 2182 attinet,
1069 2143 1371 2173 terminationem
1395 2149 1414 2172 e
1438 2141 1568 2180 habet;
1609 2143 1746 2173 neutra
1769 2141 1830 2182 fe—

219 2199 450 2230 mininorum
477 2199 766 2230 terminationes
790 2197 946 2235 liabent,
970 2198 1128 2238 eoecepto
1150 2198 1377 2229 accusativo
1405 2197 1632 2238 sustentaris,
1657 2198 1720 2237 qui
1744 2205 1829 2230 cum

220 2254 453 2285 nominativo
478 2253 668 2294 conyruit.

310 2310 337 2344 ,ς’
360 2308 414 2338 22.
464 2308 564 2339 Sunt
586 2308 884 2340 masculinorum
908 2307 1075 2340 themata
1100 2315 1183 2339 cum
1206 2315 1271 2339 -au
1294 2309 1331 2340 et
1353 2304 1450 2348 -jan,
1475 2307 1582 2340 nulla
1608 2316 1691 2340 cum
1715 2307 1772 2339 -in
1794 2310 1831 2340 et

219 2370 306 2401 -un;
331 2363 398 2394 sed
421 2372 501 2394 cum
520 2362 606 2403 jam
631 2362 779 2403 syllaba
806 2363 982 2394 thematis
1008 2363 1047 2394 in
1071 2363 1202 2404 linqua
1229 2362 1567 2404 Angla-saxonica
1590 2364 1832 2396 terminatio·-

221 2418 282 2448 nis
305 2419 381 2448 vim
405 2425 453 2449 ac
482 2419 662 2449 naturam
685 2417 838 2456 habeat,
861 2418 1000 2458 optime
1023 2426 1080 2450 me
1101 2417 1299 2457 facturum
1323 2426 1404 2449 esse
1427 2426 1578 2461 censam,
1601 2420 1636 2451 si
1662 2419 1735 2452 laac
1759 2418 1828 2451 sub

222 2474 456 2505 assumtione
478 2473 756 2515 paradiqmata
780 2474 821 2505 in
846 2473 968 2504 medio
990 2481 1141 2514 ponam.
1190 2474 1290 2505 Sunt
1313 2474 1462 2505 autem:

910 2527 1146 2570 Sinqularis.

490 2582 600 2614 Nom.
627 2586 669 2620 a)
695 2591 825 2623 gum-a
1094 2582 1133 2621 b)
1160 2582 1316 2614 vrec-Ga

491 2636 580 2669 Gen.
693 2645 845 2678 gum-an
1163 2638 1341 2670 ντες-ὕεια

491 2692 580 2723 Dat.
695 2701 847 2733 gum-nn
1165 2693 1342 2725 vrec—Gau

490 2746 579 2778 Ace.
696 2756 848 2787 gum-an
1165 2749 1341 2780 vrec-c-an

314 2822 359 2861 *)
386 2823 626 2865 Paradiyma
654 2823 853 2856 Gothicum
880 2832 962 2856 cum
985 2834 1027 2856 eo
1053 2827 1354 2857 masculinorum
1368 2834 1534 2867 prorsus
1552 2829 1750 2869 congrum
1775 2829 1834 2860 est

225 2868 348 2900 autem
372 2870 471 2916 sin-q..
494 2877 591 2900 nom.
617 2869 792 2910 handu-s,
817 2878 898 2911 yen.
925 2869 1126 2911 hand-tius,
1154 2871 1233 2902 dat.
1261 2870 1436 2910 hand-niu,
1461 2879 1541 2903 acc.
1567 2872 1706 2910 handum
1729 2873 1830 2913 plur.

227 2920 320 2943 nom.
347 2914 535 2954 hand-jus,
557 2922 638 2955 yen.
667 2913 855 2954 hand-ivo,
879 2914 956 2946 dat.
986 2914 1171 2954 handu-m,
1195 2923 1275 2948 acc.
1297 2915 1489 2948 handu-ns.
