<?xml version="1.0" encoding="UTF-8"?>
<!DOCTYPE html PUBLIC "-//W3C//DTD XHTML 1.0 Transitional//EN"
    "http://www.w3.org/TR/xhtml1/DTD/xhtml1-transitional.dtd">
<html xmlns="http://www.w3.org/1999/xhtml" xml:lang="en" lang="en">
 <head>
  <title>
</title>
<meta http-equiv="Content-Type" content="text/html;charset=utf-8" />
  <meta name='ocr-system' content='tesseract 3.04.00' />
  <meta name='ocr-capabilities' content='ocr_page ocr_carea ocr_par ocr_line ocrx_word'/>
</head>
<body>
  <div class='ocr_page' id='page_1' title='image "./vordaveathstde00ettmuoft/vordaveathstde00ettmuoft_0058.png"; bbox 0 0 1923 3182; ppageno 0'>
   <div class='ocr_carea' id='block_1_1' title="bbox 195 23 1100 78">
    <p class='ocr_par' dir='ltr' id='par_1_1' title="bbox 195 23 1100 78">
     <span class='ocr_line' id='line_1_1' title="bbox 195 23 1100 78; baseline -0.001 -14"><span class='ocrx_word' id='word_1_1' title='bbox 195 36 222 65; x_wconf 79' lang='grc' dir='ltr'><em>ι,</em></span> <span class='ocrx_word' id='word_1_2' title='bbox 228 35 256 64; x_wconf 80' lang='lat' dir='ltr'>v</span> <span class='ocrx_word' id='word_1_3' title='bbox 265 34 277 63; x_wconf 84' lang='grc' dir='ltr'>ι</span> <span class='ocrx_word' id='word_1_4' title='bbox 891 23 1100 78; x_wconf 80' lang='lat' dir='ltr'><em>Praefatio.</em></span> 
     </span>
    </p>
   </div>
   <div class='ocr_carea' id='block_1_2' title="bbox 195 136 1825 2013">
    <p class='ocr_par' dir='ltr' id='par_1_2' title="bbox 195 136 1819 956">
     <span class='ocr_line' id='line_1_2' title="bbox 199 136 1808 181; baseline -0.005 -6"><span class='ocrx_word' id='word_1_5' title='bbox 199 145 316 181; x_wconf 89' lang='lat' dir='ltr'><em>tione,</em></span> <span class='ocrx_word' id='word_1_6' title='bbox 361 148 455 181; x_wconf 83' lang='lat' dir='ltr'><em>quae</em></span> <span class='ocrx_word' id='word_1_7' title='bbox 489 139 622 171; x_wconf 84' lang='lat' dir='ltr'><em>tamem</em></span> <span class='ocrx_word' id='word_1_8' title='bbox 648 138 735 179; x_wconf 73' lang='lat' dir='ltr'><em>J&#39;am</em></span> <span class='ocrx_word' id='word_1_9' title='bbox 770 136 902 177; x_wconf 83' lang='lat' dir='ltr'><em>ubique</em></span> <span class='ocrx_word' id='word_1_10' title='bbox 931 137 1107 174; x_wconf 79' lang='lat' dir='ltr'><em>evanuit,·</em></span> <span class='ocrx_word' id='word_1_11' title='bbox 1154 136 1341 168; x_wconf 88' lang='lat' dir='ltr'><em>secundae</em></span> <span class='ocrx_word' id='word_1_12' title='bbox 1373 136 1588 177; x_wconf 73' lang='lat' dir='ltr'><em>sinyularis</em></span> <span class='ocrx_word' id='word_1_13' title='bbox 1616 142 1808 176; x_wconf 80' lang='lat' dir='ltr'><strong><em>personae</em></strong></span> 
     </span>
     <span class='ocr_line' id='line_1_3' title="bbox 195 190 1810 238; baseline -0.002 -11"><span class='ocrx_word' id='word_1_14' title='bbox 195 195 456 238; x_wconf 83' lang='lat' dir='ltr'><em>praesentium</em></span> <span class='ocrx_word' id='word_1_15' title='bbox 480 194 517 227; x_wconf 86' lang='lat' dir='ltr'><em>et</em></span> <span class='ocrx_word' id='word_1_16' title='bbox 537 194 743 235; x_wconf 80' lang='lat' dir='ltr'><em>praeteriti</em></span> <span class='ocrx_word' id='word_1_17' title='bbox 775 191 1012 233; x_wconf 82' lang='lat' dir='ltr'><em>conjunctivi</em></span> <span class='ocrx_word' id='word_1_18' title='bbox 1045 200 1260 224; x_wconf 84' lang='lat' dir='ltr'><em>consonans</em></span> <span class='ocrx_word' id='word_1_19' title='bbox 1286 199 1304 221; x_wconf 92' lang='lat' dir='ltr'><em>s</em></span> <span class='ocrx_word' id='word_1_20' title='bbox 1331 191 1544 231; x_wconf 81' lang='lat' dir='ltr'><em>antiquitus</em></span> <span class='ocrx_word' id='word_1_21' title='bbox 1583 190 1810 224; x_wconf 83' lang='lat' dir='ltr'><em>concedeba-</em></span> 
     </span>
     <span class='ocr_line' id='line_1_4' title="bbox 199 246 1811 293; baseline -0.003 -9"><span class='ocrx_word' id='word_1_22' title='bbox 199 253 277 293; x_wconf 88' lang='lat' dir='ltr'><em>tur,</em></span> <span class='ocrx_word' id='word_1_23' title='bbox 302 259 398 292; x_wconf 84' lang='lat' dir='ltr'><em>quae</em></span> <span class='ocrx_word' id='word_1_24' title='bbox 423 251 546 282; x_wconf 90' lang='lat' dir='ltr'><em>tamen</em></span> <span class='ocrx_word' id='word_1_25' title='bbox 572 251 612 280; x_wconf 87' lang='lat' dir='ltr'><em>in</em></span> <span class='ocrx_word' id='word_1_26' title='bbox 634 249 836 290; x_wconf 82' lang='lat' dir='ltr'><em>praesente</em></span> <span class='ocrx_word' id='word_1_27' title='bbox 859 248 1063 279; x_wconf 79' lang='lat' dir='ltr'><em>indicativi</em></span> <span class='ocrx_word' id='word_1_28' title='bbox 1087 248 1126 278; x_wconf 89' lang='lat' dir='ltr'><em>in</em></span> <span class='ocrx_word' id='word_1_29' title='bbox 1151 249 1186 277; x_wconf 83' lang='lat' dir='ltr'><em>st</em></span> <span class='ocrx_word' id='word_1_30' title='bbox 1211 246 1326 287; x_wconf 80' lang='lat' dir='ltr'><em>abiit,</em></span> <span class='ocrx_word' id='word_1_31' title='bbox 1352 247 1390 278; x_wconf 88' lang='lat' dir='ltr'><em>et</em></span> <span class='ocrx_word' id='word_1_32' title='bbox 1411 247 1451 277; x_wconf 89' lang='lat' dir='ltr'><em>in</em></span> <span class='ocrx_word' id='word_1_33' title='bbox 1472 248 1672 287; x_wconf 80' lang='lat' dir='ltr'><em>praesente</em></span> <span class='ocrx_word' id='word_1_34' title='bbox 1694 255 1811 287; x_wconf 85' lang='lat' dir='ltr'><em>prae-</em></span> 
     </span>
     <span class='ocr_line' id='line_1_5' title="bbox 199 301 1812 348; baseline -0.004 -9"><span class='ocrx_word' id='word_1_35' title='bbox 199 307 386 348; x_wconf 84' lang='lat' dir='ltr'><em>teritoque</em></span> <span class='ocrx_word' id='word_1_36' title='bbox 408 304 646 346; x_wconf 83' lang='lat' dir='ltr'><em>conjunctivi</em></span> <span class='ocrx_word' id='word_1_37' title='bbox 669 312 827 345; x_wconf 87' lang='lat' dir='ltr'><em>prorsus</em></span> <span class='ocrx_word' id='word_1_38' title='bbox 854 303 1031 335; x_wconf 85' lang='lat' dir='ltr'><em>abolevit.</em></span> <span class='ocrx_word' id='word_1_39' title='bbox 1078 301 1256 333; x_wconf 72' lang='lat' dir='ltr'><em>Secunda</em></span> <span class='ocrx_word' id='word_1_40' title='bbox 1281 301 1496 343; x_wconf 68' lang='lat' dir='ltr'><em>sinyularis</em></span> <span class='ocrx_word' id='word_1_41' title='bbox 1520 303 1726 343; x_wconf 88' lang='lat' dir='ltr'><em>praeteriti</em></span> <span class='ocrx_word' id='word_1_42' title='bbox 1751 303 1812 333; x_wconf 90' lang='lat' dir='ltr'><em>in-</em></span> 
     </span>
     <span class='ocr_line' id='line_1_6' title="bbox 199 356 1812 402; baseline -0.004 -7"><span class='ocrx_word' id='word_1_43' title='bbox 199 363 363 395; x_wconf 80' lang='lat' dir='ltr'><em>dicativi</em></span> <span class='ocrx_word' id='word_1_44' title='bbox 388 369 556 402; x_wconf 90' lang='lat' dir='ltr'><em>persona</em></span> <span class='ocrx_word' id='word_1_45' title='bbox 578 359 711 392; x_wconf 79' lang='lat' dir='ltr'><em>habuit</em></span> <span class='ocrx_word' id='word_1_46' title='bbox 736 361 947 401; x_wconf 84' lang='lat' dir='ltr'><em>antiquitus</em></span> <span class='ocrx_word' id='word_1_47' title='bbox 969 360 1008 390; x_wconf 87' lang='lat' dir='ltr'><em>in</em></span> <span class='ocrx_word' id='word_1_48' title='bbox 1033 356 1302 398; x_wconf 69' lang='lat' dir='ltr'><em>conJuyatione</em></span> <span class='ocrx_word' id='word_1_49' title='bbox 1324 358 1475 397; x_wconf 88' lang='lat' dir='ltr'><em>potiore</em></span> <span class='ocrx_word' id='word_1_50' title='bbox 1495 359 1760 390; x_wconf 81' lang='lat' dir='ltr'><em>consonantem</em></span> <span class='ocrx_word' id='word_1_51' title='bbox 1785 361 1812 399; x_wconf 84' lang='lat' dir='ltr'><em>t,</em></span> 
     </span>
     <span class='ocr_line' id='line_1_7' title="bbox 200 412 1812 460; baseline -0.003 -11"><span class='ocrx_word' id='word_1_52' title='bbox 200 426 295 460; x_wconf 89' lang='lat' dir='ltr'><em>quae</em></span> <span class='ocrx_word' id='word_1_53' title='bbox 331 418 455 449; x_wconf 87' lang='lat' dir='ltr'><em>tamen</em></span> <span class='ocrx_word' id='word_1_54' title='bbox 484 418 525 448; x_wconf 86' lang='lat' dir='ltr'><em>in</em></span> <span class='ocrx_word' id='word_1_55' title='bbox 557 416 780 457; x_wconf 86' lang='lat' dir='ltr'><em>quibusdam</em></span> <span class='ocrx_word' id='word_1_56' title='bbox 815 413 1073 446; x_wconf 81' lang='lat' dir='ltr'><em>tantummodo</em></span> <span class='ocrx_word' id='word_1_57' title='bbox 1105 412 1232 443; x_wconf 79' lang='lat' dir='ltr'><em>verbis</em></span> <span class='ocrx_word' id='word_1_58' title='bbox 1272 413 1537 444; x_wconf 63' lang='lat' dir='ltr'><em>auxiliaribus</em></span> <span class='ocrx_word' id='word_1_59' title='bbox 1579 413 1812 454; x_wconf 86' lang='lat' dir='ltr'><em>praeterito·</em></span> 
     </span>
     <span class='ocr_line' id='line_1_8' title="bbox 199 466 1813 514; baseline -0.002 -11"><span class='ocrx_word' id='word_1_60' title='bbox 199 472 466 514; x_wconf 86' lang='lat' dir='ltr'><em>praesentibus</em></span> <span class='ocrx_word' id='word_1_61' title='bbox 496 474 653 505; x_wconf 80' lang='lat' dir='ltr'><em>servata</em></span> <span class='ocrx_word' id='word_1_62' title='bbox 688 473 764 511; x_wconf 86' lang='lat' dir='ltr'><em>est,</em></span> <span class='ocrx_word' id='word_1_63' title='bbox 805 472 844 501; x_wconf 88' lang='lat' dir='ltr'><em>in</em></span> <span class='ocrx_word' id='word_1_64' title='bbox 881 470 1017 501; x_wconf 81' lang='lat' dir='ltr'><em>ceteris</em></span> <span class='ocrx_word' id='word_1_65' title='bbox 1051 466 1222 499; x_wconf 83' lang='lat' dir='ltr'><em>omnibus</em></span> <span class='ocrx_word' id='word_1_66' title='bbox 1248 468 1317 499; x_wconf 85' lang='lat' dir='ltr'><em>aut</em></span> <span class='ocrx_word' id='word_1_67' title='bbox 1351 468 1495 500; x_wconf 80' lang='lat' dir='ltr'><em>vocalis</em></span> <span class='ocrx_word' id='word_1_68' title='bbox 1521 468 1540 500; x_wconf 70' lang='grc' dir='ltr'>ὕ</span> <span class='ocrx_word' id='word_1_69' title='bbox 1567 469 1635 500; x_wconf 87' lang='lat' dir='ltr'><em>aut</em></span> <span class='ocrx_word' id='word_1_70' title='bbox 1655 468 1813 509; x_wconf 84' lang='lat' dir='ltr'><em>conjun-</em></span> 
     </span>
     <span class='ocr_line' id='line_1_9' title="bbox 201 524 1814 569; baseline -0.003 -9"><span class='ocrx_word' id='word_1_71' title='bbox 201 529 314 561; x_wconf 84' lang='lat' dir='ltr'><em>ctura</em></span> <span class='ocrx_word' id='word_1_72' title='bbox 340 532 374 559; x_wconf 81' lang='lat' dir='ltr'><em>st</em></span> <span class='ocrx_word' id='word_1_73' title='bbox 399 527 479 569; x_wconf 84' lang='lat' dir='ltr'><em>ejas</em></span> <span class='ocrx_word' id='word_1_74' title='bbox 503 528 624 559; x_wconf 86' lang='lat' dir='ltr'><em>locum</em></span> <span class='ocrx_word' id='word_1_75' title='bbox 651 527 760 558; x_wconf 87' lang='lat' dir='ltr'><em>tenet.</em></span> <span class='ocrx_word' id='word_1_76' title='bbox 812 525 1004 557; x_wconf 71' lang='lat' dir='ltr'><em>Secundae</em></span> <span class='ocrx_word' id='word_1_77' title='bbox 1032 524 1204 564; x_wconf 86' lang='lat' dir='ltr'><em>pluralis</em></span> <span class='ocrx_word' id='word_1_78' title='bbox 1239 532 1427 564; x_wconf 88' lang='lat' dir='ltr'><em>personae</em></span> <span class='ocrx_word' id='word_1_79' title='bbox 1461 525 1649 565; x_wconf 84' lang='lat' dir='ltr'><em>quondam</em></span> <span class='ocrx_word' id='word_1_80' title='bbox 1678 532 1814 556; x_wconf 88' lang='lat' dir='ltr'><em>conso-</em></span> 
     </span>
     <span class='ocr_line' id='line_1_10' title="bbox 198 580 1813 624; baseline -0.002 -8"><span class='ocrx_word' id='word_1_81' title='bbox 198 593 296 616; x_wconf 86' lang='lat' dir='ltr'><em>nans</em></span> <span class='ocrx_word' id='word_1_82' title='bbox 331 585 353 614; x_wconf 77' lang='lat' dir='ltr'><em>(I</em></span> <span class='ocrx_word' id='word_1_83' title='bbox 381 583 568 624; x_wconf 82' lang='lat' dir='ltr'><em>dabatur,</em></span> <span class='ocrx_word' id='word_1_84' title='bbox 613 591 707 623; x_wconf 70' lang='lat' dir='ltr'><em>(lucie</em></span> <span class='ocrx_word' id='word_1_85' title='bbox 732 590 828 612; x_wconf 70' lang='lat' dir='ltr'><em>nunt·</em></span> <span class='ocrx_word' id='word_1_86' title='bbox 863 581 985 611; x_wconf 87' lang='lat' dir='ltr'><em>tamen</em></span> <span class='ocrx_word' id='word_1_87' title='bbox 1011 581 1048 610; x_wconf 87' lang='lat' dir='ltr'><em>in</em></span> <span class='ocrx_word' id='word_1_88' title='bbox 1077 581 1272 620; x_wconf 78' lang='lat' dir='ltr'><em>praesenti</em></span> <span class='ocrx_word' id='word_1_89' title='bbox 1296 580 1501 611; x_wconf 80' lang='lat' dir='ltr'><em>indicativi</em></span> <span class='ocrx_word' id='word_1_90' title='bbox 1527 581 1671 612; x_wconf 86' lang='lat' dir='ltr'><em>tantum</em></span> <span class='ocrx_word' id='word_1_91' title='bbox 1694 580 1813 613; x_wconf 70' lang='lat' dir='ltr'><em>extat.</em></span> 
     </span>
     <span class='ocr_line' id='line_1_11' title="bbox 205 635 1814 680; baseline -0.003 -9"><span class='ocrx_word' id='word_1_92' title='bbox 205 640 359 672; x_wconf 83' lang='lat' dir='ltr'><em>Tertiae</em></span> <span class='ocrx_word' id='word_1_93' title='bbox 385 647 572 680; x_wconf 87' lang='lat' dir='ltr'><em>personae</em></span> <span class='ocrx_word' id='word_1_94' title='bbox 598 639 812 680; x_wconf 74' lang='lat' dir='ltr'><em>sinyularis</em></span> <span class='ocrx_word' id='word_1_95' title='bbox 835 636 1050 676; x_wconf 87' lang='lat' dir='ltr'><em>praesentis</em></span> <span class='ocrx_word' id='word_1_96' title='bbox 1069 635 1275 667; x_wconf 78' lang='lat' dir='ltr'><em>indicativi</em></span> <span class='ocrx_word' id='word_1_97' title='bbox 1295 637 1517 668; x_wconf 86' lang='lat' dir='ltr'><em>conceditur</em></span> <span class='ocrx_word' id='word_1_98' title='bbox 1542 644 1756 667; x_wconf 85' lang='lat' dir='ltr'><em>consonans</em></span> <span class='ocrx_word' id='word_1_99' title='bbox 1777 635 1814 676; x_wconf 79' lang='lat'><em>(1,</em></span> 
     </span>
     <span class='ocr_line' id='line_1_12' title="bbox 202 691 1817 736; baseline -0.004 -8"><span class='ocrx_word' id='word_1_100' title='bbox 202 696 404 736; x_wconf 86' lang='lat' dir='ltr'><em>eademque</em></span> <span class='ocrx_word' id='word_1_101' title='bbox 430 694 642 735; x_wconf 82' lang='lat' dir='ltr'><em>antiquitus</em></span> <span class='ocrx_word' id='word_1_102' title='bbox 665 693 835 732; x_wconf 81' lang='lat' dir='ltr'><em>fortasse</em></span> <span class='ocrx_word' id='word_1_103' title='bbox 869 691 1007 722; x_wconf 76' lang='lat' dir='ltr'><em>tertiae</em></span> <span class='ocrx_word' id='word_1_104' title='bbox 1032 699 1218 732; x_wconf 76' lang='lat' dir='ltr'><em>personae</em></span> <span class='ocrx_word' id='word_1_105' title='bbox 1247 692 1459 733; x_wconf 76' lang='lat' dir='ltr'><em>sinynlaris</em></span> <span class='ocrx_word' id='word_1_106' title='bbox 1482 692 1689 732; x_wconf 88' lang='lat' dir='ltr'><em>praeteriti</em></span> <span class='ocrx_word' id='word_1_107' title='bbox 1713 691 1817 723; x_wconf 84' lang='lat' dir='ltr'><em>indi-</em></span> 
     </span>
     <span class='ocr_line' id='line_1_13' title="bbox 203 746 1817 790; baseline -0.003 -7"><span class='ocrx_word' id='word_1_108' title='bbox 203 752 323 783; x_wconf 80' lang='lat' dir='ltr'><em>cativi</em></span> <span class='ocrx_word' id='word_1_109' title='bbox 350 749 645 790; x_wconf 72' lang='lat' dir='ltr'><em>concedebatur,</em></span> <span class='ocrx_word' id='word_1_110' title='bbox 673 749 822 780; x_wconf 87' lang='lat' dir='ltr'><em>ceterae</em></span> <span class='ocrx_word' id='word_1_111' title='bbox 846 755 1032 787; x_wconf 74' lang='lat' dir='ltr'><em>personae</em></span> <span class='ocrx_word' id='word_1_112' title='bbox 1059 747 1197 778; x_wconf 83' lang='lat' dir='ltr'><em>tertiae</em></span> <span class='ocrx_word' id='word_1_113' title='bbox 1230 748 1270 778; x_wconf 85' lang='lat' dir='ltr'><em>in</em></span> <span class='ocrx_word' id='word_1_114' title='bbox 1295 747 1315 777; x_wconf 70' lang='lat' dir='ltr'><em>ai</em></span> <span class='ocrx_word' id='word_1_115' title='bbox 1341 749 1455 789; x_wconf 70' lang='lat' dir='ltr'><em>(siny.</em></span> <span class='ocrx_word' id='word_1_116' title='bbox 1477 755 1606 788; x_wconf 83' lang='lat' dir='ltr'><em>praes.</em></span> <span class='ocrx_word' id='word_1_117' title='bbox 1633 746 1752 787; x_wconf 80' lang='lat' dir='ltr'><em>conj.)</em></span> <span class='ocrx_word' id='word_1_118' title='bbox 1775 748 1817 778; x_wconf 88' lang='lat' dir='ltr'><em>in</em></span> 
     </span>
     <span class='ocr_line' id='line_1_14' title="bbox 205 797 1816 847; baseline -0.003 -10"><span class='ocrx_word' id='word_1_119' title='bbox 205 807 214 837; x_wconf 92' lang='lat' dir='ltr'><em>i</em></span> <span class='ocrx_word' id='word_1_120' title='bbox 240 807 355 847; x_wconf 78' lang='lat' dir='ltr'><em>(siny.</em></span> <span class='ocrx_word' id='word_1_121' title='bbox 379 814 508 847; x_wconf 88' lang='lat' dir='ltr'><em>praes.</em></span> <span class='ocrx_word' id='word_1_122' title='bbox 534 804 668 845; x_wconf 79' lang='lat' dir='ltr'><em>conj.),</em></span> <span class='ocrx_word' id='word_1_123' title='bbox 697 805 735 835; x_wconf 89' lang='lat' dir='ltr'><em>in</em></span> <span class='ocrx_word' id='word_1_124' title='bbox 761 803 829 834; x_wconf 83' lang='lat' dir='ltr'><em>and</em></span> <span class='ocrx_word' id='word_1_125' title='bbox 856 797 975 844; x_wconf 86' lang='lat' dir='ltr'><em>(plur.</em></span> <span class='ocrx_word' id='word_1_126' title='bbox 997 810 1127 844; x_wconf 87' lang='lat' dir='ltr'><em>praes.</em></span> <span class='ocrx_word' id='word_1_127' title='bbox 1153 803 1268 844; x_wconf 84' lang='lat' dir='ltr'><em>ind.),</em></span> <span class='ocrx_word' id='word_1_128' title='bbox 1295 804 1334 834; x_wconf 89' lang='lat' dir='ltr'><em>in</em></span> <span class='ocrx_word' id='word_1_129' title='bbox 1361 812 1405 834; x_wconf 87' lang='lat' dir='ltr'><em>un</em></span> <span class='ocrx_word' id='word_1_130' title='bbox 1434 804 1554 844; x_wconf 82' lang='lat' dir='ltr'><em>(plur.</em></span> <span class='ocrx_word' id='word_1_131' title='bbox 1576 803 1699 842; x_wconf 85' lang='lat' dir='ltr'><em>praet.</em></span> <span class='ocrx_word' id='word_1_132' title='bbox 1719 801 1816 839; x_wconf 82' lang='lat' dir='ltr'><em>ind.)</em></span> 
     </span>
     <span class='ocr_line' id='line_1_15' title="bbox 204 856 1819 902; baseline -0.004 -9"><span class='ocrx_word' id='word_1_133' title='bbox 204 862 239 893; x_wconf 89' lang='lat' dir='ltr'><em>et</em></span> <span class='ocrx_word' id='word_1_134' title='bbox 264 863 304 892; x_wconf 91' lang='lat' dir='ltr'><em>in</em></span> <span class='ocrx_word' id='word_1_135' title='bbox 331 869 376 892; x_wconf 82' lang='lat' dir='ltr'><em>na</em></span> <span class='ocrx_word' id='word_1_136' title='bbox 403 861 525 902; x_wconf 83' lang='lat' dir='ltr'><em>(plur.</em></span> <span class='ocrx_word' id='word_1_137' title='bbox 549 868 675 899; x_wconf 90' lang='lat' dir='ltr'><em>praes.</em></span> <span class='ocrx_word' id='word_1_138' title='bbox 700 859 825 899; x_wconf 88' lang='lat' dir='ltr'><em>praet.</em></span> <span class='ocrx_word' id='word_1_139' title='bbox 853 858 972 899; x_wconf 79' lang='lat' dir='ltr'><em>conj.)</em></span> <span class='ocrx_word' id='word_1_140' title='bbox 1008 858 1195 890; x_wconf 67' lang='lat' dir='ltr'><em>exierunt.</em></span> <span class='ocrx_word' id='word_1_141' title='bbox 1264 858 1376 890; x_wconf 86' lang='lat' dir='ltr'><em>Nunc</em></span> <span class='ocrx_word' id='word_1_142' title='bbox 1409 861 1447 890; x_wconf 90' lang='lat' dir='ltr'><em>in</em></span> <span class='ocrx_word' id='word_1_143' title='bbox 1484 858 1653 889; x_wconf 84' lang='lat' dir='ltr'><em>dialectu</em></span> <span class='ocrx_word' id='word_1_144' title='bbox 1677 856 1819 898; x_wconf 73' lang='lat' dir='ltr'><em>Anyto-</em></span> 
     </span>
     <span class='ocr_line' id='line_1_16' title="bbox 205 912 1819 956; baseline -0.003 -8"><span class='ocrx_word' id='word_1_145' title='bbox 205 917 394 949; x_wconf 70' lang='lat' dir='ltr'><em>saxonica</em></span> <span class='ocrx_word' id='word_1_146' title='bbox 415 916 553 947; x_wconf 91' lang='lat' dir='ltr'><em>tertiae</em></span> <span class='ocrx_word' id='word_1_147' title='bbox 576 923 765 956; x_wconf 84' lang='lat' dir='ltr'><em>personae</em></span> <span class='ocrx_word' id='word_1_148' title='bbox 789 915 962 955; x_wconf 72' lang='lat' dir='ltr'><em>pluralis</em></span> <span class='ocrx_word' id='word_1_149' title='bbox 984 915 1024 945; x_wconf 88' lang='lat' dir='ltr'><em>in</em></span> <span class='ocrx_word' id='word_1_150' title='bbox 1049 914 1110 954; x_wconf 57' lang='grc' dir='ltr'><em>κισ,</em></span> <span class='ocrx_word' id='word_1_151' title='bbox 1137 922 1196 950; x_wconf 83' lang='lat' dir='ltr'><em>nn,</em></span> <span class='ocrx_word' id='word_1_152' title='bbox 1223 913 1266 944; x_wconf 68' lang='lat' dir='ltr'><em>ain</em></span> <span class='ocrx_word' id='word_1_153' title='bbox 1293 916 1377 952; x_wconf 85' lang='lat' dir='ltr'><em>(en)</em></span> <span class='ocrx_word' id='word_1_154' title='bbox 1401 914 1436 945; x_wconf 86' lang='lat' dir='ltr'><em>et</em></span> <span class='ocrx_word' id='word_1_155' title='bbox 1461 913 1505 945; x_wconf 71' lang='grc' dir='ltr'><em>ἔῃ</em></span> <span class='ocrx_word' id='word_1_156' title='bbox 1533 914 1608 953; x_wconf 85' lang='lat' dir='ltr'><em>(in)</em></span> <span class='ocrx_word' id='word_1_157' title='bbox 1635 912 1819 944; x_wconf 82' lang='lat' dir='ltr'><em>desinent.</em></span> 
     </span>
    </p>

    <p class='ocr_par' dir='ltr' id='par_1_3' title="bbox 205 968 1820 1178">
     <span class='ocr_line' id='line_1_17' title="bbox 293 968 1817 1012; baseline -0.002 -10"><span class='ocrx_word' id='word_1_158' title='bbox 293 974 320 1008; x_wconf 62' lang='grc' dir='ltr'><em>,ς</em></span> <span class='ocrx_word' id='word_1_159' title='bbox 345 971 378 1004; x_wconf 83' lang='grc'><em>8.</em></span> <span class='ocrx_word' id='word_1_160' title='bbox 426 971 714 1012; x_wconf 77' lang='lat' dir='ltr'><em>Reduplicatio‚</em></span> <span class='ocrx_word' id='word_1_161' title='bbox 740 979 836 1011; x_wconf 84' lang='lat' dir='ltr'><em>quae</em></span> <span class='ocrx_word' id='word_1_162' title='bbox 860 970 1073 1010; x_wconf 87' lang='lat' dir='ltr'><em>antiquitus</em></span> <span class='ocrx_word' id='word_1_163' title='bbox 1096 970 1324 1010; x_wconf 87' lang='lat' dir='ltr'><em>praeteritis</em></span> <span class='ocrx_word' id='word_1_164' title='bbox 1343 972 1504 1011; x_wconf 62' lang='lat' dir='ltr'><em>omnium</em></span> <span class='ocrx_word' id='word_1_165' title='bbox 1520 968 1722 1001; x_wconf 85' lang='lat' dir='ltr'><em>verborum</em></span> <span class='ocrx_word' id='word_1_166' title='bbox 1746 976 1817 1009; x_wconf 90' lang='lat' dir='ltr'><em>po—</em></span> 
     </span>
     <span class='ocr_line' id='line_1_18' title="bbox 207 1024 1820 1068; baseline -0.002 -10"><span class='ocrx_word' id='word_1_167' title='bbox 207 1027 324 1059; x_wconf 85' lang='lat' dir='ltr'><em>tioris</em></span> <span class='ocrx_word' id='word_1_168' title='bbox 351 1027 487 1058; x_wconf 88' lang='lat' dir='ltr'><em>saltem</em></span> <span class='ocrx_word' id='word_1_169' title='bbox 512 1025 792 1068; x_wconf 49' lang='lat' dir='ltr'><em>conju-clationis</em></span> <span class='ocrx_word' id='word_1_170' title='bbox 809 1026 912 1058; x_wconf 78' lang='lat' dir='ltr'><em>haud</em></span> <span class='ocrx_word' id='word_1_171' title='bbox 931 1025 1040 1057; x_wconf 86' lang='lat' dir='ltr'><em>dubie</em></span> <span class='ocrx_word' id='word_1_172' title='bbox 1058 1034 1239 1057; x_wconf 86' lang='lat' dir='ltr'><em>concessa</em></span> <span class='ocrx_word' id='word_1_173' title='bbox 1264 1027 1361 1065; x_wconf 81' lang='lat' dir='ltr'><em>erat,</em></span> <span class='ocrx_word' id='word_1_174' title='bbox 1386 1034 1485 1058; x_wconf 80' lang='lat' dir='ltr'><em>minc</em></span> <span class='ocrx_word' id='word_1_175' title='bbox 1503 1025 1588 1066; x_wconf 84' lang='lat' dir='ltr'><em>jam</em></span> <span class='ocrx_word' id='word_1_176' title='bbox 1611 1025 1650 1056; x_wconf 91' lang='lat' dir='ltr'><em>in</em></span> <span class='ocrx_word' id='word_1_177' title='bbox 1665 1024 1820 1066; x_wconf 84' lang='lat' dir='ltr'><em>quibus-</em></span> 
     </span>
     <span class='ocr_line' id='line_1_19' title="bbox 207 1070 1820 1123; baseline -0.002 -9"><span class='ocrx_word' id='word_1_178' title='bbox 207 1083 294 1114; x_wconf 89' lang='lat' dir='ltr'><em>dam</em></span> <span class='ocrx_word' id='word_1_179' title='bbox 319 1082 575 1114; x_wconf 84' lang='lat' dir='ltr'><em>tantummodo</em></span> <span class='ocrx_word' id='word_1_180' title='bbox 601 1081 729 1113; x_wconf 87' lang='lat' dir='ltr'><em>verbis</em></span> <span class='ocrx_word' id='word_1_181' title='bbox 752 1083 940 1123; x_wconf 82' lang='lat' dir='ltr'><em>superest,</em></span> <span class='ocrx_word' id='word_1_182' title='bbox 966 1082 1034 1113; x_wconf 87' lang='lat' dir='ltr'><em>sed</em></span> <span class='ocrx_word' id='word_1_183' title='bbox 1056 1082 1096 1113; x_wconf 86' lang='lat' dir='ltr'><em>in</em></span> <span class='ocrx_word' id='word_1_184' title='bbox 1124 1081 1184 1113; x_wconf 81' lang='lat' dir='ltr'><em>liis</em></span> <span class='ocrx_word' id='word_1_185' title='bbox 1208 1070 1354 1122; x_wconf 78' lang='lat' dir='ltr'><em>quoque</em></span> <span class='ocrx_word' id='word_1_186' title='bbox 1380 1082 1580 1114; x_wconf 85' lang='lat' dir='ltr'><em>immutata</em></span> <span class='ocrx_word' id='word_1_187' title='bbox 1605 1081 1683 1118; x_wconf 87' lang='lat' dir='ltr'><em>est,·</em></span> <span class='ocrx_word' id='word_1_188' title='bbox 1711 1088 1741 1112; x_wconf 92' lang='lat' dir='ltr'><em>e.</em></span> <span class='ocrx_word' id='word_1_189' title='bbox 1759 1087 1820 1122; x_wconf 72' lang='lat' dir='ltr'><em>yr-</em></span> 
     </span>
     <span class='ocr_line' id='line_1_20' title="bbox 205 1135 910 1178; baseline 0 -9"><span class='ocrx_word' id='word_1_190' title='bbox 205 1135 305 1169; x_wconf 76' lang='grc' dir='ltr'>ΙεόΙο</span> <span class='ocrx_word' id='word_1_191' title='bbox 328 1145 402 1178; x_wconf 89' lang='lat' dir='ltr'><em>pro</em></span> <span class='ocrx_word' id='word_1_192' title='bbox 428 1136 562 1176; x_wconf 68' lang='lat' dir='ltr'><em>leolzic,</em></span> <span class='ocrx_word' id='word_1_193' title='bbox 589 1138 670 1168; x_wconf 66' lang='lat' dir='ltr'><em>heht</em></span> <span class='ocrx_word' id='word_1_194' title='bbox 691 1145 765 1178; x_wconf 89' lang='lat' dir='ltr'><em>pro</em></span> <span class='ocrx_word' id='word_1_195' title='bbox 790 1136 910 1169; x_wconf 54' lang='lat' dir='ltr'><em>heluat.</em></span> 
     </span>
    </p>

    <p class='ocr_par' dir='ltr' id='par_1_4' title="bbox 206 1190 1822 1569">
     <span class='ocr_line' id='line_1_21' title="bbox 296 1190 1821 1234; baseline 0 -12"><span class='ocrx_word' id='word_1_196' title='bbox 296 1194 323 1229; x_wconf 60' lang='lat' dir='ltr'><em>S</em></span> <span class='ocrx_word' id='word_1_197' title='bbox 348 1193 379 1223; x_wconf 91' lang='grc'><em>9.</em></span> <span class='ocrx_word' id='word_1_198' title='bbox 430 1192 559 1234; x_wconf 74' lang='lat' dir='ltr'><em>Lonqe</em></span> <span class='ocrx_word' id='word_1_199' title='bbox 585 1194 709 1225; x_wconf 88' lang='lat' dir='ltr'><em>tamen</em></span> <span class='ocrx_word' id='word_1_200' title='bbox 735 1191 899 1233; x_wconf 66' lang='lat' dir='ltr'><em>majoris</em></span> <span class='ocrx_word' id='word_1_201' title='bbox 925 1193 1100 1224; x_wconf 83' lang='lat' dir='ltr'><em>momenti</em></span> <span class='ocrx_word' id='word_1_202' title='bbox 1127 1199 1190 1224; x_wconf 86' lang='lat' dir='ltr'><em>res</em></span> <span class='ocrx_word' id='word_1_203' title='bbox 1223 1194 1290 1232; x_wconf 86' lang='lat' dir='ltr'><em>est,</em></span> <span class='ocrx_word' id='word_1_204' title='bbox 1328 1193 1429 1233; x_wconf 83' lang='lat' dir='ltr'><em>quod</em></span> <span class='ocrx_word' id='word_1_205' title='bbox 1460 1194 1498 1224; x_wconf 87' lang='lat' dir='ltr'><em>in</em></span> <span class='ocrx_word' id='word_1_206' title='bbox 1526 1191 1696 1223; x_wconf 84' lang='lat' dir='ltr'><em>omnibus</em></span> <span class='ocrx_word' id='word_1_207' title='bbox 1724 1190 1821 1223; x_wconf 78' lang='lat' dir='ltr'><em>Ger·-</em></span> 
     </span>
     <span class='ocr_line' id='line_1_22' title="bbox 206 1247 1821 1289; baseline -0.001 -10"><span class='ocrx_word' id='word_1_208' title='bbox 206 1249 372 1280; x_wconf 90' lang='lat' dir='ltr'><em>manicis</em></span> <span class='ocrx_word' id='word_1_209' title='bbox 398 1248 577 1280; x_wconf 86' lang='lat' dir='ltr'><em>dialectis</em></span> <span class='ocrx_word' id='word_1_210' title='bbox 600 1249 740 1289; x_wconf 73' lang='lat' dir='ltr'><em>dupleae</em></span> <span class='ocrx_word' id='word_1_211' title='bbox 767 1247 997 1289; x_wconf 75' lang='lat' dir='ltr'><em>cotzjuyandi</em></span> <span class='ocrx_word' id='word_1_212' title='bbox 1022 1248 1156 1279; x_wconf 85' lang='lat' dir='ltr'><em>modus</em></span> <span class='ocrx_word' id='word_1_213' title='bbox 1181 1250 1330 1280; x_wconf 75' lang='lat' dir='ltr'><em>secerni</em></span> <span class='ocrx_word' id='word_1_214' title='bbox 1357 1248 1506 1288; x_wconf 83' lang='lat' dir='ltr'><em>debeat,</em></span> <span class='ocrx_word' id='word_1_215' title='bbox 1531 1247 1734 1288; x_wconf 86' lang='lat' dir='ltr'><em>parimodo</em></span> <span class='ocrx_word' id='word_1_216' title='bbox 1759 1247 1821 1279; x_wconf 88' lang='lat' dir='ltr'><em>at-</em></span> 
     </span>
     <span class='ocr_line' id='line_1_23' title="bbox 209 1303 1821 1345; baseline -0.001 -10"><span class='ocrx_word' id='word_1_217' title='bbox 209 1311 279 1344; x_wconf 84' lang='lat' dir='ltr'><em>que</em></span> <span class='ocrx_word' id='word_1_218' title='bbox 304 1304 537 1344; x_wconf 87' lang='lat' dir='ltr'><em>declinandi,</em></span> <span class='ocrx_word' id='word_1_219' title='bbox 561 1305 596 1335; x_wconf 88' lang='lat' dir='ltr'><em>is</em></span> <span class='ocrx_word' id='word_1_220' title='bbox 619 1305 796 1335; x_wconf 86' lang='lat' dir='ltr'><em>nimirum</em></span> <span class='ocrx_word' id='word_1_221' title='bbox 818 1306 882 1345; x_wconf 87' lang='lat' dir='ltr'><em>qui</em></span> <span class='ocrx_word' id='word_1_222' title='bbox 906 1305 1035 1344; x_wconf 87' lang='lat' dir='ltr'><em>potior</em></span> <span class='ocrx_word' id='word_1_223' title='bbox 1060 1305 1303 1344; x_wconf 82' lang='lat' dir='ltr'><em>nuncupatur</em></span> <span class='ocrx_word' id='word_1_224' title='bbox 1330 1305 1366 1336; x_wconf 89' lang='lat' dir='ltr'><em>et</em></span> <span class='ocrx_word' id='word_1_225' title='bbox 1387 1305 1450 1345; x_wconf 85' lang='lat' dir='ltr'><em>qui</em></span> <span class='ocrx_word' id='word_1_226' title='bbox 1475 1304 1726 1344; x_wconf 87' lang='lat' dir='ltr'><em>praeteritum</em></span> <span class='ocrx_word' id='word_1_227' title='bbox 1749 1303 1821 1334; x_wconf 88' lang='lat' dir='ltr'><em>im-</em></span> 
     </span>
     <span class='ocr_line' id='line_1_24' title="bbox 206 1359 1821 1401; baseline -0.001 -11"><span class='ocrx_word' id='word_1_228' title='bbox 206 1360 417 1392; x_wconf 81' lang='lat' dir='ltr'><em>mutatione</em></span> <span class='ocrx_word' id='word_1_229' title='bbox 454 1360 608 1392; x_wconf 88' lang='lat' dir='ltr'><em>vocalis</em></span> <span class='ocrx_word' id='word_1_230' title='bbox 645 1360 837 1392; x_wconf 88' lang='lat' dir='ltr'><em>radicalis</em></span> <span class='ocrx_word' id='word_1_231' title='bbox 873 1361 941 1391; x_wconf 87' lang='lat' dir='ltr'><em>aut</em></span> <span class='ocrx_word' id='word_1_232' title='bbox 976 1360 1144 1400; x_wconf 84' lang='lat' dir='ltr'><em>simplici</em></span> <span class='ocrx_word' id='word_1_233' title='bbox 1178 1362 1248 1392; x_wconf 84' lang='lat' dir='ltr'><em>aut</em></span> <span class='ocrx_word' id='word_1_234' title='bbox 1285 1360 1433 1400; x_wconf 77' lang='lat' dir='ltr'><em>duplici</em></span> <span class='ocrx_word' id='word_1_235' title='bbox 1473 1361 1603 1401; x_wconf 77' lang='lat' dir='ltr'><em>siynat</em></span> <span class='ocrx_word' id='word_1_236' title='bbox 1636 1359 1821 1400; x_wconf 88' lang='lat' dir='ltr'><em>(partici-</em></span> 
     </span>
     <span class='ocr_line' id='line_1_25' title="bbox 207 1414 1821 1457; baseline 0.001 -12"><span class='ocrx_word' id='word_1_237' title='bbox 207 1416 312 1455; x_wconf 84' lang='lat' dir='ltr'><em>pium</em></span> <span class='ocrx_word' id='word_1_238' title='bbox 333 1415 541 1456; x_wconf 69' lang='lat' dir='ltr'><em>praeteriti·</em></span> <span class='ocrx_word' id='word_1_239' title='bbox 565 1418 634 1448; x_wconf 89' lang='lat' dir='ltr'><em>aut</em></span> <span class='ocrx_word' id='word_1_240' title='bbox 655 1416 869 1457; x_wconf 86' lang='lat' dir='ltr'><em>praesentis</em></span> <span class='ocrx_word' id='word_1_241' title='bbox 893 1416 958 1447; x_wconf 86' lang='lat' dir='ltr'><em>aut</em></span> <span class='ocrx_word' id='word_1_242' title='bbox 986 1415 1159 1455; x_wconf 82' lang='lat' dir='ltr'><em>pluralis</em></span> <span class='ocrx_word' id='word_1_243' title='bbox 1183 1417 1391 1456; x_wconf 83' lang='lat' dir='ltr'><em>praeteriti</em></span> <span class='ocrx_word' id='word_1_244' title='bbox 1413 1416 1584 1447; x_wconf 84' lang='lat' dir='ltr'><em>vocalem</em></span> <span class='ocrx_word' id='word_1_245' title='bbox 1611 1414 1821 1446; x_wconf 86' lang='lat' dir='ltr'><em>radicalem</em></span> 
     </span>
     <span class='ocr_line' id='line_1_26' title="bbox 209 1469 1822 1513; baseline 0 -12"><span class='ocrx_word' id='word_1_246' title='bbox 209 1470 362 1513; x_wconf 79' lang='lat' dir='ltr'><em>habet),</em></span> <span class='ocrx_word' id='word_1_247' title='bbox 404 1473 517 1512; x_wconf 88' lang='lat' dir='ltr'><em>atque</em></span> <span class='ocrx_word' id='word_1_248' title='bbox 544 1472 612 1504; x_wconf 88' lang='lat' dir='ltr'><em>ille</em></span> <span class='ocrx_word' id='word_1_249' title='bbox 637 1473 701 1513; x_wconf 81' lang='lat' dir='ltr'><em>qm·</em></span> <span class='ocrx_word' id='word_1_250' title='bbox 727 1472 880 1512; x_wconf 80' lang='lat' dir='ltr'><em>sequior</em></span> <span class='ocrx_word' id='word_1_251' title='bbox 904 1472 1140 1513; x_wconf 84' lang='lat' dir='ltr'><em>nominatur,</em></span> <span class='ocrx_word' id='word_1_252' title='bbox 1186 1473 1222 1504; x_wconf 85' lang='lat' dir='ltr'><em>et</em></span> <span class='ocrx_word' id='word_1_253' title='bbox 1246 1472 1462 1513; x_wconf 90' lang='lat' dir='ltr'><em>praeterita</em></span> <span class='ocrx_word' id='word_1_254' title='bbox 1488 1469 1632 1511; x_wconf 67' lang='lat' dir='ltr'><em>suffixo</em></span> <span class='ocrx_word' id='word_1_255' title='bbox 1657 1470 1822 1511; x_wconf 86' lang='lat' dir='ltr'><em>quodam</em></span> 
     </span>
     <span class='ocr_line' id='line_1_27' title="bbox 209 1519 1822 1569; baseline 0 -12"><span class='ocrx_word' id='word_1_256' title='bbox 209 1526 308 1568; x_wconf 81' lang='lat' dir='ltr'><em>(-da,</em></span> <span class='ocrx_word' id='word_1_257' title='bbox 329 1526 403 1568; x_wconf 85' lang='lat' dir='ltr'><em>-di)</em></span> <span class='ocrx_word' id='word_1_258' title='bbox 426 1526 599 1566; x_wconf 81' lang='lat' dir='ltr'><em>formata</em></span> <span class='ocrx_word' id='word_1_259' title='bbox 626 1527 786 1559; x_wconf 66' lang='lat' dir='ltr'><em>exhibet.</em></span> <span class='ocrx_word' id='word_1_260' title='bbox 836 1527 914 1558; x_wconf 85' lang='lat' dir='ltr'><em>Sed</em></span> <span class='ocrx_word' id='word_1_261' title='bbox 937 1534 1010 1567; x_wconf 91' lang='lat' dir='ltr'><em>pro</em></span> <span class='ocrx_word' id='word_1_262' title='bbox 1036 1529 1114 1567; x_wconf 79' lang='lat' dir='ltr'><em>—da,</em></span> <span class='ocrx_word' id='word_1_263' title='bbox 1138 1528 1218 1569; x_wconf 85' lang='lat' dir='ltr'><em>-de‚</em></span> <span class='ocrx_word' id='word_1_264' title='bbox 1242 1529 1278 1559; x_wconf 91' lang='lat' dir='ltr'><em>et</em></span> <span class='ocrx_word' id='word_1_265' title='bbox 1298 1535 1372 1568; x_wconf 88' lang='lat' dir='ltr'><em>pro</em></span> <span class='ocrx_word' id='word_1_266' title='bbox 1393 1519 1464 1566; x_wconf 71' lang='lat' dir='ltr'><em>-di,‘</em></span> <span class='ocrx_word' id='word_1_267' title='bbox 1481 1526 1546 1557; x_wconf 65' lang='lat' dir='ltr'><em>-dii</em></span> <span class='ocrx_word' id='word_1_268' title='bbox 1562 1526 1647 1567; x_wconf 77' lang='lat' dir='ltr'><em>Jam</em></span> <span class='ocrx_word' id='word_1_269' title='bbox 1668 1527 1822 1568; x_wconf 73' lang='lat' dir='ltr'><em>leyitur.</em></span> 
     </span>
    </p>

    <p class='ocr_par' dir='ltr' id='par_1_5' title="bbox 209 1582 1825 2013">
     <span class='ocr_line' id='line_1_28' title="bbox 299 1582 1825 1623; baseline 0.001 -11"><span class='ocrx_word' id='word_1_270' title='bbox 299 1584 326 1619; x_wconf 63' lang='lat' dir='ltr'><em>s</em></span> <span class='ocrx_word' id='word_1_271' title='bbox 352 1582 405 1614; x_wconf 89' lang='lat'><em>10.</em></span> <span class='ocrx_word' id='word_1_272' title='bbox 454 1582 557 1621; x_wconf 81' lang='lat' dir='ltr'><em>Quae</em></span> <span class='ocrx_word' id='word_1_273' title='bbox 582 1592 663 1614; x_wconf 85' lang='lat' dir='ltr'><em>cum</em></span> <span class='ocrx_word' id='word_1_274' title='bbox 690 1585 747 1615; x_wconf 85' lang='lat' dir='ltr'><em>ita</em></span> <span class='ocrx_word' id='word_1_275' title='bbox 782 1583 878 1622; x_wconf 84' lang='lat' dir='ltr'><em>sint,</em></span> <span class='ocrx_word' id='word_1_276' title='bbox 914 1583 1022 1614; x_wconf 87' lang='lat' dir='ltr'><em>illius</em></span> <span class='ocrx_word' id='word_1_277' title='bbox 1049 1585 1266 1623; x_wconf 85' lang='lat' dir='ltr'><em>primariae</em></span> <span class='ocrx_word' id='word_1_278' title='bbox 1307 1584 1378 1615; x_wconf 88' lang='lat' dir='ltr'><em>etsi</em></span> <span class='ocrx_word' id='word_1_279' title='bbox 1407 1591 1504 1614; x_wconf 90' lang='lat' dir='ltr'><em>nunc</em></span> <span class='ocrx_word' id='word_1_280' title='bbox 1535 1590 1719 1623; x_wconf 84' lang='lat' dir='ltr'><em>nusquam</em></span> <span class='ocrx_word' id='word_1_281' title='bbox 1755 1589 1825 1613; x_wconf 72' lang='lat' dir='ltr'><em>ex-</em></span> 
     </span>
     <span class='ocr_line' id='line_1_29' title="bbox 210 1637 1824 1680; baseline -0.001 -11"><span class='ocrx_word' id='word_1_282' title='bbox 210 1637 352 1669; x_wconf 88' lang='lat' dir='ltr'><em>stantis</em></span> <span class='ocrx_word' id='word_1_283' title='bbox 384 1637 668 1680; x_wconf 74' lang='lat' dir='ltr'><em>conjuyationis</em></span> <span class='ocrx_word' id='word_1_284' title='bbox 702 1640 870 1679; x_wconf 87' lang='lat' dir='ltr'><em>potioris</em></span> <span class='ocrx_word' id='word_1_285' title='bbox 903 1639 1139 1680; x_wconf 74' lang='lat' dir='ltr'><em>paradiyma</em></span> <span class='ocrx_word' id='word_1_286' title='bbox 1177 1640 1239 1671; x_wconf 87' lang='lat' dir='ltr'><em>hic</em></span> <span class='ocrx_word' id='word_1_287' title='bbox 1269 1647 1351 1670; x_wconf 84' lang='lat' dir='ltr'><em>cum</em></span> <span class='ocrx_word' id='word_1_288' title='bbox 1384 1637 1593 1670; x_wconf 87' lang='lat' dir='ltr'><em>lectoribus</em></span> <span class='ocrx_word' id='word_1_289' title='bbox 1617 1639 1824 1669; x_wconf 87' lang='lat' dir='ltr'><em>communi—</em></span> 
     </span>
     <span class='ocr_line' id='line_1_30' title="bbox 210 1693 1824 1736; baseline 0.001 -13"><span class='ocrx_word' id='word_1_290' title='bbox 210 1700 297 1724; x_wconf 87' lang='lat' dir='ltr'><em>care</em></span> <span class='ocrx_word' id='word_1_291' title='bbox 323 1693 435 1734; x_wconf 84' lang='lat' dir='ltr'><em>libet,</em></span> <span class='ocrx_word' id='word_1_292' title='bbox 466 1695 507 1726; x_wconf 87' lang='lat' dir='ltr'><em>ut</em></span> <span class='ocrx_word' id='word_1_293' title='bbox 531 1703 626 1726; x_wconf 87' lang='lat' dir='ltr'><em>unus</em></span> <span class='ocrx_word' id='word_1_294' title='bbox 652 1696 829 1736; x_wconf 82' lang='lat' dir='ltr'><em>quisque,</em></span> <span class='ocrx_word' id='word_1_295' title='bbox 859 1696 924 1735; x_wconf 84' lang='lat' dir='ltr'><em>qui</em></span> <span class='ocrx_word' id='word_1_296' title='bbox 946 1696 985 1725; x_wconf 86' lang='lat' dir='ltr'><em>in</em></span> <span class='ocrx_word' id='word_1_297' title='bbox 1010 1695 1220 1735; x_wconf 85' lang='lat' dir='ltr'><em>temporum</em></span> <span class='ocrx_word' id='word_1_298' title='bbox 1248 1695 1413 1726; x_wconf 87' lang='lat' dir='ltr'><em>decursu</em></span> <span class='ocrx_word' id='word_1_299' title='bbox 1439 1695 1611 1726; x_wconf 78' lang='lat' dir='ltr'><em>evenerit</em></span> <span class='ocrx_word' id='word_1_300' title='bbox 1634 1700 1824 1725; x_wconf 76' lang='lat' dir='ltr'><em>recessum</em></span> 
     </span>
     <span class='ocr_line' id='line_1_31' title="bbox 209 1749 1824 1791; baseline 0.001 -12"><span class='ocrx_word' id='word_1_301' title='bbox 209 1757 233 1779; x_wconf 86' lang='lat' dir='ltr'><em>a</em></span> <span class='ocrx_word' id='word_1_302' title='bbox 257 1749 451 1788; x_wconf 88' lang='lat' dir='ltr'><em>primario</em></span> <span class='ocrx_word' id='word_1_303' title='bbox 479 1758 526 1781; x_wconf 89' lang='lat' dir='ltr'><em>ac</em></span> <span class='ocrx_word' id='word_1_304' title='bbox 550 1750 719 1781; x_wconf 86' lang='lat' dir='ltr'><em>normali</em></span> <span class='ocrx_word' id='word_1_305' title='bbox 742 1750 1029 1791; x_wconf 73' lang='lat' dir='ltr'><em>conjuyationis</em></span> <span class='ocrx_word' id='word_1_306' title='bbox 1054 1751 1158 1782; x_wconf 83' lang='lat' dir='ltr'><em>stata</em></span> <span class='ocrx_word' id='word_1_307' title='bbox 1184 1749 1402 1790; x_wconf 77' lang='lat' dir='ltr'><em>dijudicare</em></span> <span class='ocrx_word' id='word_1_308' title='bbox 1423 1751 1562 1790; x_wconf 84' lang='lat' dir='ltr'><em>possit.</em></span> <span class='ocrx_word' id='word_1_309' title='bbox 1613 1750 1670 1789; x_wconf 87' lang='lat' dir='ltr'><em>Si,</em></span> <span class='ocrx_word' id='word_1_310' title='bbox 1692 1749 1754 1781; x_wconf 80' lang='lat' dir='ltr'><em>ubi</em></span> <span class='ocrx_word' id='word_1_311' title='bbox 1779 1750 1824 1782; x_wconf 87' lang='lat' dir='ltr'><em>de</em></span> 
     </span>
     <span class='ocr_line' id='line_1_32' title="bbox 209 1803 1824 1846; baseline 0.001 -12"><span class='ocrx_word' id='word_1_312' title='bbox 209 1803 463 1835; x_wconf 87' lang='lat' dir='ltr'><em>declinatione</em></span> <span class='ocrx_word' id='word_1_313' title='bbox 505 1806 665 1846; x_wconf 73' lang='lat' dir='ltr'><em>eyimus,</em></span> <span class='ocrx_word' id='word_1_314' title='bbox 713 1806 1022 1846; x_wconf 82' lang='lat' dir='ltr'><em>antiquissimum</em></span> <span class='ocrx_word' id='word_1_315' title='bbox 1056 1805 1144 1845; x_wconf 87' lang='lat' dir='ltr'><em>jam</em></span> <span class='ocrx_word' id='word_1_316' title='bbox 1185 1805 1389 1837; x_wconf 88' lang='lat' dir='ltr'><em>obsoletum</em></span> <span class='ocrx_word' id='word_1_317' title='bbox 1424 1806 1646 1838; x_wconf 83' lang='lat' dir='ltr'><em>declinandi</em></span> <span class='ocrx_word' id='word_1_318' title='bbox 1676 1805 1824 1837; x_wconf 86' lang='lat' dir='ltr'><em>modum</em></span> 
     </span>
     <span class='ocr_line' id='line_1_33' title="bbox 210 1860 1824 1903; baseline 0.002 -14"><span class='ocrx_word' id='word_1_319' title='bbox 210 1867 308 1890; x_wconf 87' lang='lat' dir='ltr'><em>nunc</em></span> <span class='ocrx_word' id='word_1_320' title='bbox 331 1860 474 1892; x_wconf 85' lang='lat' dir='ltr'><em>usitato</em></span> <span class='ocrx_word' id='word_1_321' title='bbox 501 1862 798 1903; x_wconf 82' lang='lat' dir='ltr'><em>postposuimus,</em></span> <span class='ocrx_word' id='word_1_322' title='bbox 825 1861 897 1893; x_wconf 79' lang='lat' dir='ltr'><em>Iioc</em></span> <span class='ocrx_word' id='word_1_323' title='bbox 922 1862 1007 1893; x_wconf 91' lang='lat' dir='ltr'><em>loco</em></span> <span class='ocrx_word' id='word_1_324' title='bbox 1032 1861 1140 1892; x_wconf 85' lang='lat' dir='ltr'><em>illum</em></span> <span class='ocrx_word' id='word_1_325' title='bbox 1165 1861 1400 1902; x_wconf 69' lang='lat' dir='ltr'><em>conjiiyanai</em></span> <span class='ocrx_word' id='word_1_326' title='bbox 1424 1862 1573 1894; x_wconf 86' lang='lat' dir='ltr'><em>modum</em></span> <span class='ocrx_word' id='word_1_327' title='bbox 1599 1862 1686 1893; x_wconf 81' lang='lat' dir='ltr'><em>huic</em></span> <span class='ocrx_word' id='word_1_328' title='bbox 1707 1868 1824 1902; x_wconf 90' lang='lat' dir='ltr'><em>prae-</em></span> 
     </span>
     <span class='ocr_line' id='line_1_34' title="bbox 209 1915 1824 1960; baseline 0.003 -16"><span class='ocrx_word' id='word_1_329' title='bbox 209 1915 360 1946; x_wconf 83' lang='lat' dir='ltr'><em>mittere</em></span> <span class='ocrx_word' id='word_1_330' title='bbox 387 1915 643 1957; x_wconf 84' lang='lat' dir='ltr'><em>decrevimus3</em></span> <span class='ocrx_word' id='word_1_331' title='bbox 669 1917 780 1958; x_wconf 84' lang='lat' dir='ltr'><em>idque</em></span> <span class='ocrx_word' id='word_1_332' title='bbox 805 1919 862 1949; x_wconf 90' lang='lat' dir='ltr'><em>est</em></span> <span class='ocrx_word' id='word_1_333' title='bbox 883 1918 1097 1958; x_wconf 85' lang='lat' dir='ltr'><em>primariae</em></span> <span class='ocrx_word' id='word_1_334' title='bbox 1117 1916 1204 1957; x_wconf 85' lang='lat' dir='ltr'><em>jam</em></span> <span class='ocrx_word' id='word_1_335' title='bbox 1229 1917 1418 1950; x_wconf 86' lang='lat' dir='ltr'><em>obsoletae</em></span> <span class='ocrx_word' id='word_1_336' title='bbox 1445 1917 1730 1960; x_wconf 70' lang='lat' dir='ltr'><em>conjuyationis</em></span> <span class='ocrx_word' id='word_1_337' title='bbox 1754 1924 1824 1956; x_wconf 90' lang='lat' dir='ltr'><em>po-</em></span> 
     </span>
     <span class='ocr_line' id='line_1_35' title="bbox 212 1971 1182 2013; baseline 0.002 -13"><span class='ocrx_word' id='word_1_338' title='bbox 212 1971 326 2001; x_wconf 91' lang='lat' dir='ltr'><em>tioris</em></span> <span class='ocrx_word' id='word_1_339' title='bbox 355 1971 590 2012; x_wconf 73' lang='lat' dir='ltr'><em>paradiynta</em></span> <span class='ocrx_word' id='word_1_340' title='bbox 618 1981 665 2004; x_wconf 78' lang='lat' dir='ltr'><em>eJ:</em></span> <span class='ocrx_word' id='word_1_341' title='bbox 690 1973 874 2013; x_wconf 69' lang='lat' dir='ltr'><em>atzaloyia</em></span> <span class='ocrx_word' id='word_1_342' title='bbox 902 1973 1182 2004; x_wconf 83' lang='lat' dir='ltr'><em>constructum:</em></span> 
     </span>
    </p>
   </div>
   <div class='ocr_carea' id='block_1_3' title="bbox 212 2027 1533 2844">
    <p class='ocr_par' dir='ltr' id='par_1_6' title="bbox 212 2027 1533 2844">
     <span class='ocr_line' id='line_1_36' title="bbox 492 2027 1509 2068; baseline 0.004 -11"><span class='ocrx_word' id='word_1_343' title='bbox 492 2027 745 2060; x_wconf 76' lang='lat' dir='ltr'><em>Indicaticus.</em></span> <span class='ocrx_word' id='word_1_344' title='bbox 1222 2027 1509 2068; x_wconf 77' lang='lat' dir='ltr'><em>Conjtcnctivus.</em></span> 
     </span>
     <span class='ocr_line' id='line_1_37' title="bbox 212 2080 1460 2123; baseline 0.002 -11"><span class='ocrx_word' id='word_1_345' title='bbox 212 2080 345 2112; x_wconf 88' lang='lat' dir='ltr'><em>Praes.</em></span> <span class='ocrx_word' id='word_1_346' title='bbox 373 2083 470 2123; x_wconf 72' lang='lat' dir='ltr'><em>siny.</em></span> <span class='ocrx_word' id='word_1_347' title='bbox 496 2081 526 2114; x_wconf 80' lang='lat'><em>1.</em></span> <span class='ocrx_word' id='word_1_348' title='bbox 554 2082 713 2114; x_wconf 83' lang='lat' dir='ltr'><em>bind-am</em></span> <span class='ocrx_word' id='word_1_349' title='bbox 1287 2081 1460 2115; x_wconf 60' lang='lat' dir='ltr'><em>hina-iiim</em></span> 
     </span>
     <span class='ocr_line' id='line_1_38' title="bbox 491 2137 1446 2171; baseline 0.003 -4"><span class='ocrx_word' id='word_1_350' title='bbox 491 2137 522 2167; x_wconf 81' lang='lat'><em>2.</em></span> <span class='ocrx_word' id='word_1_351' title='bbox 547 2138 683 2170; x_wconf 81' lang='lat' dir='ltr'><em>bind-is</em></span> <span class='ocrx_word' id='word_1_352' title='bbox 1287 2139 1446 2171; x_wconf 71' lang='lat' dir='ltr'><em>oinct-aiis</em></span> 
     </span>
     <span class='ocr_line' id='line_1_39' title="bbox 490 2193 1424 2227; baseline 0.003 -4"><span class='ocrx_word' id='word_1_353' title='bbox 490 2193 520 2223; x_wconf 89' lang='grc'><em>3.</em></span> <span class='ocrx_word' id='word_1_354' title='bbox 547 2193 686 2224; x_wconf 71' lang='lat' dir='ltr'><em>bino-ia</em></span> <span class='ocrx_word' id='word_1_355' title='bbox 1287 2194 1424 2227; x_wconf 65' lang='lat' dir='ltr'><em>hina-aii</em></span> 
     </span>
     <span class='ocr_line' id='line_1_40' title="bbox 361 2247 1507 2288; baseline 0.006 -10"><span class='ocrx_word' id='word_1_356' title='bbox 361 2247 465 2288; x_wconf 87' lang='lat' dir='ltr'><em>plur.</em></span> <span class='ocrx_word' id='word_1_357' title='bbox 495 2249 523 2278; x_wconf 89' lang='lat' dir='ltr'><em>l.</em></span> <span class='ocrx_word' id='word_1_358' title='bbox 550 2248 757 2282; x_wconf 61' lang='lat' dir='ltr'><em>bina-anuas</em></span> <span class='ocrx_word' id='word_1_359' title='bbox 1288 2250 1507 2284; x_wconf 69' lang='lat' dir='ltr'><em>bind-ziimas</em></span> 
     </span>
     <span class='ocr_line' id='line_1_41' title="bbox 491 2303 1499 2339; baseline 0.008 -8"><span class='ocrx_word' id='word_1_360' title='bbox 491 2303 522 2335; x_wconf 80' lang='grc'><em>2,</em></span> <span class='ocrx_word' id='word_1_361' title='bbox 548 2303 745 2336; x_wconf 65' lang='lat' dir='ltr'><em>binii-adas</em></span> <span class='ocrx_word' id='word_1_362' title='bbox 1289 2305 1499 2339; x_wconf 71' lang='lat' dir='ltr'><em>bind-:iidas</em></span> 
     </span>
     <span class='ocr_line' id='line_1_42' title="bbox 491 2359 1479 2395; baseline 0.006 -7"><span class='ocrx_word' id='word_1_363' title='bbox 491 2360 523 2391; x_wconf 88' lang='grc'><em>3.</em></span> <span class='ocrx_word' id='word_1_364' title='bbox 551 2359 724 2391; x_wconf 84' lang='lat' dir='ltr'><em>bind-and</em></span> <span class='ocrx_word' id='word_1_365' title='bbox 1289 2362 1479 2395; x_wconf 62' lang='lat' dir='ltr'><em>binii-{tina</em></span> 
     </span>
     <span class='ocr_line' id='line_1_43' title="bbox 213 2412 1488 2456; baseline 0.006 -13"><span class='ocrx_word' id='word_1_366' title='bbox 213 2412 341 2445; x_wconf 74' lang='lat' dir='ltr'><em>Praet-</em></span> <span class='ocrx_word' id='word_1_367' title='bbox 368 2415 463 2455; x_wconf 76' lang='lat' dir='ltr'><em>siny.</em></span> <span class='ocrx_word' id='word_1_368' title='bbox 494 2414 523 2447; x_wconf 88' lang='lat'><em>1.</em></span> <span class='ocrx_word' id='word_1_369' title='bbox 550 2415 797 2456; x_wconf 67' lang='lat' dir='ltr'><em>bibam-aon)</em></span> <span class='ocrx_word' id='word_1_370' title='bbox 1288 2417 1488 2451; x_wconf 84' lang='lat' dir='ltr'><em>bibund-im</em></span> 
     </span>
     <span class='ocr_line' id='line_1_44' title="bbox 493 2470 1475 2506; baseline 0.005 -5"><span class='ocrx_word' id='word_1_371' title='bbox 493 2470 524 2502; x_wconf 79' lang='lat'><em>2.</em></span> <span class='ocrx_word' id='word_1_372' title='bbox 551 2471 694 2502; x_wconf 78' lang='lat' dir='ltr'><em>bibnnst</em></span> <span class='ocrx_word' id='word_1_373' title='bbox 1287 2473 1475 2506; x_wconf 78' lang='lat' dir='ltr'><em>bibund-is</em></span> 
     </span>
     <span class='ocr_line' id='line_1_45' title="bbox 493 2526 1452 2562; baseline 0.005 -6"><span class='ocrx_word' id='word_1_374' title='bbox 493 2526 523 2559; x_wconf 88' lang='lat'><em>3.</em></span> <span class='ocrx_word' id='word_1_375' title='bbox 552 2526 724 2558; x_wconf 83' lang='lat' dir='ltr'><em>biband-a</em></span> <span class='ocrx_word' id='word_1_376' title='bbox 1289 2529 1452 2562; x_wconf 67' lang='lat' dir='ltr'><em>bibam-i</em></span> 
     </span>
     <span class='ocr_line' id='line_1_46' title="bbox 364 2581 1533 2619; baseline 0.009 -10"><span class='ocrx_word' id='word_1_377' title='bbox 364 2581 464 2619; x_wconf 86' lang='lat' dir='ltr'><em>plur.</em></span> <span class='ocrx_word' id='word_1_378' title='bbox 494 2581 521 2614; x_wconf 91' lang='grc'><em>1.</em></span> <span class='ocrx_word' id='word_1_379' title='bbox 547 2582 804 2614; x_wconf 76' lang='lat' dir='ltr'><em>bibund-umas</em></span> <span class='ocrx_word' id='word_1_380' title='bbox 1289 2585 1533 2619; x_wconf 76' lang='lat' dir='ltr'><em>bibund-imas</em></span> 
     </span>
     <span class='ocr_line' id='line_1_47' title="bbox 491 2637 1528 2675; baseline 0.009 -9"><span class='ocrx_word' id='word_1_381' title='bbox 491 2637 522 2669; x_wconf 81' lang='lat'><em>2.</em></span> <span class='ocrx_word' id='word_1_382' title='bbox 551 2637 797 2669; x_wconf 71' lang='lat' dir='ltr'><em>bibano-udas</em></span> <span class='ocrx_word' id='word_1_383' title='bbox 1288 2641 1528 2675; x_wconf 81' lang='lat' dir='ltr'><em>bibund-idns</em></span> 
     </span>
     <span class='ocr_line' id='line_1_48' title="bbox 490 2692 1501 2730; baseline 0.008 -9"><span class='ocrx_word' id='word_1_384' title='bbox 490 2694 520 2721; x_wconf 77' lang='lat'><em>3.</em></span> <span class='ocrx_word' id='word_1_385' title='bbox 548 2692 748 2723; x_wconf 70' lang='lat' dir='ltr'><em>bunum-nn</em></span> <span class='ocrx_word' id='word_1_386' title='bbox 1286 2697 1501 2730; x_wconf 80' lang='lat' dir='ltr'><em>bibnnd-iua</em></span> 
     </span>
     <span class='ocr_line' id='line_1_49' title="bbox 475 2747 1452 2792; baseline 0.008 -15"><span class='ocrx_word' id='word_1_387' title='bbox 475 2747 751 2788; x_wconf 76' lang='lat' dir='ltr'><em>lmparaeivns.</em></span> <span class='ocrx_word' id='word_1_388' title='bbox 1225 2750 1452 2792; x_wconf 76' lang='lat' dir='ltr'><em>Infinitirus.</em></span> 
     </span>
     <span class='ocr_line' id='line_1_50' title="bbox 365 2802 1437 2844; baseline 0.005 -9"><span class='ocrx_word' id='word_1_389' title='bbox 365 2805 460 2844; x_wconf 70' lang='lat' dir='ltr'><em>siny.</em></span> <span class='ocrx_word' id='word_1_390' title='bbox 488 2803 518 2835; x_wconf 83' lang='lat'><em>2.</em></span> <span class='ocrx_word' id='word_1_391' title='bbox 544 2802 626 2834; x_wconf 80' lang='lat' dir='ltr'><em>bind</em></span> <span class='ocrx_word' id='word_1_392' title='bbox 1288 2807 1437 2840; x_wconf 82' lang='lat' dir='ltr'><em>bind-nn</em></span> 
     </span>
    </p>
   </div>
   <div class='ocr_carea' id='block_1_4' title="bbox 216 2857 1817 2963">
    <p class='ocr_par' dir='ltr' id='par_1_7' title="bbox 216 2857 1817 2963">
     <span class='ocr_line' id='line_1_51' title="bbox 353 2857 716 2899; baseline 0 -10"><span class='ocrx_word' id='word_1_393' title='bbox 353 2859 457 2899; x_wconf 87' lang='lat' dir='ltr'><em>plur.</em></span> <span class='ocrx_word' id='word_1_394' title='bbox 481 2858 513 2888; x_wconf 82' lang='lat'><em>2.</em></span> <span class='ocrx_word' id='word_1_395' title='bbox 541 2857 716 2889; x_wconf 69' lang='lat' dir='ltr'><em>bina-adu</em></span> 
     </span>
     <span class='ocr_line' id='line_1_52' title="bbox 216 2912 1817 2963; baseline 0.009 -22"><span class='ocrx_word' id='word_1_396' title='bbox 216 2912 317 2945; x_wconf 74' lang='lat' dir='ltr'><em>Part.</em></span> <span class='ocrx_word' id='word_1_397' title='bbox 343 2921 470 2954; x_wconf 83' lang='lat' dir='ltr'><em>praes.</em></span> <span class='ocrx_word' id='word_1_398' title='bbox 498 2912 692 2945; x_wconf 70' lang='lat' dir='ltr'><em>bina-ands</em></span> <span class='ocrx_word' id='word_1_399' title='bbox 1018 2917 1125 2950; x_wconf 77' lang='lat' dir='ltr'><em>Part.</em></span> <span class='ocrx_word' id='word_1_400' title='bbox 1138 2921 1262 2959; x_wconf 76' lang='lat' dir='ltr'><em>praet.</em></span> <span class='ocrx_word' id='word_1_401' title='bbox 1278 2920 1460 2952; x_wconf 76' lang='lat' dir='ltr'><em>hund-uus</em></span> <span class='ocrx_word' id='word_1_402' title='bbox 1475 2922 1551 2962; x_wconf 69' lang='lat' dir='ltr'><em>(vet</em></span> <span class='ocrx_word' id='word_1_403' title='bbox 1566 2923 1817 2963; x_wconf 65' lang='lat' dir='ltr'><em>bibam-uns).</em></span> 
     </span>
    </p>
   </div>
  </div>
 </body>
</html>
